% Modelos de referências em BibTeX

% ATENCAO:
%
% - para preservar as maiúsculas em siglas nos títulos, use {...}.
    Veja um exemplo na referência "iskandar00" abaixo.

%%%%% exemplo de livro 
@book{iskandar00,
   author	= {J. Iskandar},
   title	= {Normas da {ABNT} Comentadas para Trabalhos Científicos},
   year		= {2000},
   publisher	= {Editora Champagnat (PUCPR)}
}

@book{goossens93,
   author	= {M. Goossens and F. Mittelbach and A. Samarin},
   title	= {The \LaTeX\ Companion},
   year		= {1993},
   publisher	= {Addison-Wesley}
}

@book{oetiker07,
   author	= {T. Oetiker and H. Partl and I. Hyna and E. Schlegl},
   title	= {The Not So Short Introduction to \LaTeXe{}},
   publisher	= {\url{http://www.ctan.org/tex-archive/info/lshort}},
   year		= {2007}
}

%%%%% exemplo de parte de livro
@inbook{Birman89,
   author	= {K. Birman and T. Joseph},
   editor	= {S. Mullender},
   pages	= {293-317},
   publisher	= {Addison-Wesley},
   title	= {Reliable Broadcast Protocols in Distributed Systems},
   year		= {1989}
}

%%%%% exemplo de manual
@manual{Chorus96a,
   title	= {Chorus/Cool-ORB r3 - Product Description},
   organization = {Chorus Systems},      
   note	= {CS/TR-95-157.3},
   month	= {June},
   year		= {1996}
}

%%%%% exemplo de tese de doutorado
@phdthesis{Maziero94,
   author	= {C. Maziero},
   title	= {Conception et réalisation d'un noyau de système
   		   réparti pour la simulation parallèle},
   school	= {IRISA - Université de Rennes I}, 
   address	= {Rennes - France},
   note 	= {137 pgs},
   number	= {1161},
   month	= {June},
   year		= {1994}
}

%%%%% exemplo de dissertação de mestrado
@mastersthesis{Ribeiro97,
   author	= {R. Ribeiro},
   title	= {Proposta de um suporte para simulações orientadas a 
		   objetos distribuídas em uma plataforma aberta},
   school	= {Pós-Graduação em Engenharia Elétrica - Universidade
		   Federal de Santa Catarina}, 
   address	= {Fpolis - SC},
   note 	= {},
   number	= {},
   month	= {Junho},
   year		= {1997}
}

%%%%% exemplo de artigo em revista
@article{Awerbuch85a,
   author	= {B. Awerbuch},
   title	= {Complexity of network synchronization},
   journal	= {Journal of ACM},
   volume	= {32},
   number	= {4},
   pages	= {801-823},
   note 	= {invited paper},
   month	= {October},
   year		= {1985}
}

%%%%% exemplo de artigo em evento
@conference{Adam88,
   author	= {M. Adam and Ph. Ingels and M. Raynal},
   title	= {The meaning of synchronous distributed algorithms run on
		   asynchronous distributed systems},
   booktitle	= {3$^{rd}$ International Symposium on Computer and
		   Information Sciences},
   address	= {Izmir - Turkey},
   pages	= {307-316},
   month	= {November},
   year		= {1988}
}

%%%%% exemplo de relatório técnico
@techreport{bibufpr15,
   author	= {Biblioteca UFPR},
   institution	= {Sistema de Bibliotecas -- Universidade Federal do Paran\'a},
   title	= {Manual de normaliza\c{c}\~ao de documentos cient\'ificos de acordo com as normas da {ABNT}},
   number	= {ISBN 9788584800025},
   address	= {Curitiba PR},
   year		= {2015}
}

%%%%% exemplo de URL (páginas Web)
@misc{maziero15,
   title	= {Modelo {PPGInf UFPR} para teses e dissertações},
   author	= {Carlos Maziero},
   howpublished	= {\url{http://www.inf.ufpr.br/maziero}},
   year		= {2015},
   note		= {Acessado em 30/11/2015}
}


%-----------------------------------------------------------------------------------------------

%% MINHAS REFERENCIAS

@Article{Nelder72,
  Title                    = {{Generalized Linear Models}},
  Author                   = {Nelder, John Ashworth and Wedderburn, Robert William Maclagan},
  Journal                  = {Journal of the Royal Statistical Society. Series A (General)},
  Year                     = {1972},
  Pages                    = {370--384},
  Volume                   = {135}
}

@article{Bonat16,
  title={Multivariate covariance generalized linear models},
  author={Bonat, Wagner Hugo and J{\o}rgensen, Bent},
  journal={Journal of the Royal Statistical Society: Series C (Applied Statistics)},
  volume={65},
  number={5},
  pages={649--675},
  year={2016},
  publisher={Wiley Online Library}
}

@misc{Hair05,
  title={An{\'a}lise multivariada de dados},
  author={Hair, Joseph F. and Anderson, Rolph E. and Tatham, ROnald L. and Black, William C.},
  year={2005},
  publisher={Porto Alegre: Bookman}
}

@article{manova,
  title={Multivariate analysis of variance (MANOVA)},
  author={Smith, H and Gnanadesikan, R and Hughes, JB},
  journal={Biometrics},
  volume={18},
  number={1},
  pages={22--41},
  year={1962},
  publisher={JSTOR}
}

@article{wilks,
  title={Certain generalizations in the analysis of variance},
  author={Wilks, Samuel S},
  journal={Biometrika},
  pages={471--494},
  year={1932},
  publisher={JSTOR}
}

@article{lawley,
  title={A generalization of Fisher's z test},
  author={Lawley, DN},
  journal={Biometrika},
  volume={30},
  number={1/2},
  pages={180--187},
  year={1938},
  publisher={JSTOR}
}

@techreport{hotelling,
  title={A generalized T test and measure of multivariate dispersion},
  author={Hotelling, Harold},
  year={1951},
  institution={UNIVERSITY OF NORTH CAROLINA Chapel Hill United States}
}

@article{pillai,
  title={Some new test criteria in multivariate analysis},
  author={Pillai, KCS and others},
  journal={The Annals of Mathematical Statistics},
  volume={26},
  number={1},
  pages={117--121},
  year={1955},
  publisher={Institute of Mathematical Statistics}
}

@article{roy,
  title={On a heuristic method of test construction and its use in multivariate analysis},
  author={Roy, Samarendra Nath},
  journal={The Annals of Mathematical Statistics},
  pages={220--238},
  year={1953},
  publisher={JSTOR}
}

@article{boxcox64,
  title={An analysis of transformations},
  author={Box, George EP and Cox, David R},
  journal={Journal of the Royal Statistical Society. Series B (Methodological)},
  pages={211--252},
  year={1964},
  publisher={JSTOR}
}

@article{tamioso2017does,
  title={Does emotional reactivity influence behavioral and cardiac responses of ewes submitted to brushing?},
  author={Tamioso, Priscillia Regina and Boissy, Alain and Boivin, Xavier and Chandeze, Herve and Andanson, Stephane and Delval, Eric and Hazard, Dominique and Taconeli, Cesar Augusto and Molento, Carla Forte Maiolino},
  journal={Behavioural Processes},
  pages={np},
  year={2017}
}

@MastersThesis{Trecenti2015, 
  author   =  "Trecenti, Julio Adolfo Zucon", 
  title    =  "Diagramas de influência: uma aplicação em Jurimetria", 
  school   =  "Instituto de Matemática e Estatística, Universidade de São Paulo", 
  year     =  "2015"  
}

@article{Jorgensen87,
  title={Exponential dispersion models},
  author={J{\o}rgensen, Bent},
  journal={Journal of the Royal Statistical Society: Series B (Methodological)},
  volume={49},
  number={2},
  pages={127--145},
  year={1987},
  publisher={Wiley Online Library}
}

@book{Jorgensen97,
  title={The theory of dispersion models},
  author={J{\o}rgensen, Bent},
  year={1997},
  publisher={CRC Press}
}

@article{Jorgensen15,
  title={Discrete dispersion models and their Tweedie asymptotics},
  author={J{\o}rgensen, Bent and Kokonendji, C{\'e}lestin C},
  journal={AStA Advances in Statistical Analysis},
  volume={100},
  number={1},
  pages={43--78},
  year={2015},
  publisher={Springer}
}

@article{Liang86,
  title={Longitudinal data analysis using generalized linear models},
  author={Liang, Kung-Yee and Zeger, Scott L},
  journal={Biometrika},
  volume={73},
  number={1},
  pages={13--22},
  year={1986},
  publisher={Oxford University Press}
}

@article{Anderson73,
  title={Asymptotically efficient estimation of covariance matrices with linear structure},
  author={Anderson, TW and others},
  journal={The Annals of Statistics},
  volume={1},
  number={1},
  pages={135--141},
  year={1973},
  publisher={Institute of Mathematical Statistics}
}

@article{Pourahmadi00,
  title={Maximum likelihood estimation of generalised linear models for multivariate normal covariance matrix},
  author={Pourahmadi, Mohsen},
  journal={Biometrika},
  volume={87},
  number={2},
  pages={425--435},
  year={2000},
  publisher={Oxford University Press}
}

@article{Pinheiro96,
  title={Unconstrained parametrizations for variance-covariance matrices},
  author={Pinheiro, Jos{\'e} C and Bates, Douglas M},
  journal={Statistics and computing},
  volume={6},
  number={3},
  pages={289--296},
  year={1996},
  publisher={Springer}
}

@book{Demidenko13,
  title={Mixed models: theory and applications with R},
  author={Demidenko, Eugene},
  year={2013},
  publisher={John Wiley \& Sons}
}

@article{martinez13,
  title={A general modelling framework for multivariate disease mapping},
  author={Martinez-Beneito, Miguel A},
  journal={Biometrika},
  volume={100},
  number={3},
  pages={539--553},
  year={2013},
  publisher={Oxford University Press}
}

@Article{mcglm,
    title = {Multiple Response Variables Regression Models in {R}: The {mcglm} Package},
    author = {Wagner Hugo Bonat},
    journal = {Journal of Statistical Software},
    year = {2018},
    volume = {84},
    number = {4},
    pages = {1--30},
    doi = {10.18637/jss.v084.i04},
}

@Manual{softwareR,
    title = {R: A Language and Environment for Statistical Computing},
    author = {{R Core Team}},
    organization = {R Foundation for Statistical Computing},
    address = {Vienna, Austria},
    year = {2020},
    url = {https://www.R-project.org/},
  }

@article{jorg04,
  title={Parameter orthogonality and bias adjustment for estimating functions},
  author={J{\o}rgensen, Bent and Knudsen, Sven Jesper},
  journal={Scandinavian Journal of Statistics},
  volume={31},
  number={1},
  pages={93--114},
  year={2004},
  publisher={Wiley Online Library}
}

@techreport{norta,
  title={Modeling and generating random vectors with arbitrary marginal distributions and correlation matrix},
  author={Cario, Marne C and Nelson, Barry L},
  year={1997},
  institution={Citeseer}
}

@Book{car,
    title = {An {R} Companion to Applied Regression},
    edition = {Third},
    author = {John Fox and Sanford Weisberg},
    year = {2019},
    publisher = {Sage},
    address = {Thousand Oaks {CA}},
    url = {https://socialsciences.mcmaster.ca/jfox/Books/Companion/},
  }

@book{sas,
  title={SAS user's guide: Statistics},
  author={SAS Institute},
  volume={2},
  year={1985},
  publisher={Sas Inst}
}

@Article{lmtest,
    title = {Diagnostic Checking in Regression Relationships},
    author = {Achim Zeileis and Torsten Hothorn},
    journal = {R News},
    year = {2002},
    volume = {2},
    number = {3},
    pages = {7--10},
    url = {https://CRAN.R-project.org/doc/Rnews/},
  }

@Misc{survey1,
    author = {Thomas Lumley},
    year = {2020},
    title = {survey: analysis of complex survey samples},
    note = {R package version 4.0},
  }

@Article{survey2,
    year = {2004},
    author = {Thomas Lumley},
    title = {Analysis of Complex Survey Samples},
    journal = {Journal of Statistical Software},
    volume = {9},
    number = {1},
    pages = {1-19},
    note = {R package verson 2.2},
  }

@Book{survey3,
    year = {2010},
    author = {Thomas Lumley},
    title = {Complex Surveys: A Guide to Analysis Using R: A Guide to Analysis Using R},
    publisher = {John Wiley and Sons},
  }

@misc{cao2016data,
  title={Data science and analytics: a new era},
  author={Cao, Longbing},
  year={2016},
  publisher={Springer}
}

@article{weihs2018data,
  title={Data science: the impact of statistics},
  author={Weihs, Claus and Ickstadt, Katja},
  journal={International Journal of Data Science and Analytics},
  volume={6},
  number={3},
  pages={189--194},
  year={2018},
  publisher={Springer}
}

@article{ley2018makes,
  title={What makes data science different? A discussion involving statistics2. 0 and computational sciences},
  author={Ley, Christophe and Bordas, St{\'e}phane PA},
  journal={International Journal of Data Science and Analytics},
  volume={6},
  number={3},
  pages={167--175},
  year={2018},
  publisher={Springer}
}

@misc{histds,
   title	= {A Very Short History of Data Science},
   author	= {Gil Press},
   howpublished	= {\url{https://www.forbes.com/sites/gilpress/2013/05/28/a-very-short-history-of-data-science/?sh=1c01914855cf}},
   year		= {2013},
   note		= {Acessado em 14/04/2021}
}

@book{gamlss,
  title={Flexible regression and smoothing: using GAMLSS in R},
  author={Stasinopoulos, Mikis D and Rigby, Robert A and Heller, Gillian Z and Voudouris, Vlasios and De Bastiani, Fernanda},
  year={2017},
  publisher={CRC Press}
}

@article{galton,
  title={Regression towards mediocrity in hereditary stature.},
  author={Galton, Francis},
  journal={The Journal of the Anthropological Institute of Great Britain and Ireland},
  volume={15},
  pages={246--263},
  year={1886},
  publisher={JSTOR}
}

@book{gam,
  title={Generalized additive models},
  author={Hastie, Trevor J and Tibshirani, Robert J},
  volume={43},
  year={1990},
  publisher={CRC press}
}

@book{paula,
  title={Modelos de regress{\~a}o: com apoio computacional},
  author={Paula, Gilberto Alvarenga},
  year={2004},
  publisher={IME-USP S{\~a}o Paulo}
}

@article{capacete,
  title={Compara{\c{c}}{\~a}o e aplica{\c{c}}{\~a}o de modelos de regress{\~a}o bin{\'a}ria na reten{\c{c}}{\~a}o de capacetes de motociclistas},
  author={Petterle, Ricardo Rasmussen and de Freitas, Cleiton Aquino and Furtado, Ademir Marchi and de Carvalho, F{\'a}bio Henrique and Bonat, Wagner Hugo},
  journal={Revista Brasileira de Biometria},
  volume={35},
  number={2},
  pages={266--282},
  year={2017}
}

@article{euc,
  title={Dados de contagem em sementes de Eucalyptus cloeziana: uma an{\'a}lise comparativa entre modelos estat{\'\i}sticos},
  author={Michelon, Thomas Bruno and Taconeli, Cesar Augusto and Vieira, Elisa Serra Negra and Panobianco, Maristela},
  journal={Ci{\^e}ncia e Agrotecnologia},
  volume={43},
  year={2019},
  publisher={SciELO Brasil}
}

@article{cordeiro,
  title={Modelos lineares generalizados e extens{\~o}es},
  author={Cordeiro, Gauss Moutinho and Dem{\'e}trio, Clarice GB},
  journal={Piracicaba: USP},
  year={2008}
}

@article{pco2,
  title={The pCO2 in boreal lakes: Organic carbon as a universal predictor?},
  author={Larsen, S{\o}ren and Andersen, Tom and Hessen, Dag O},
  journal={Global Biogeochemical Cycles},
  volume={25},
  number={2},
  year={2011},
  publisher={Wiley Online Library}
}

@article{lehmann,
  title={The Fisher, Neyman-Pearson theories of testing hypotheses: one theory or two?},
  author={Lehmann, Erich L},
  journal={Journal of the American statistical Association},
  volume={88},
  number={424},
  pages={1242--1249},
  year={1993},
  publisher={Taylor \& Francis Group}
}

@article{neyman1,
  title={On the use and interpretation of certain test criteria for purposes of statistical inference: Part I},
  author={Neyman, Jerzy and Pearson, Egon S},
  journal={Biometrika},
  pages={175--240},
  year={1928},
  publisher={JSTOR}
}

@article{neyman2,
  title={On the use and interpretation of certain test criteria for purposes of statistical inference: Part II},
  author={Neyman, Jerzy and Pearson, Egon S},
  journal={Biometrika},
  pages={263--294},
  year={1928},
  publisher={JSTOR}
}

@incollection{fisher1992statistical,
  title={Statistical methods for research workers},
  author={Fisher, Ronald Aylmer},
  booktitle={Breakthroughs in statistics},
  pages={66--70},
  year={1992},
  publisher={Springer}
}

@article{fisher,
  title={Statistical methods for research workers. Oliver and Boyd},
  author={Fisher, Ronald A},
  journal={Edinburgh, Scotland},
  volume={6},
  year={1925}
}

@book{lehmann2,
  title={Testing statistical hypotheses},
  author={Lehmann, Erich L and Romano, Joseph P},
  year={2006},
  publisher={Springer Science \& Business Media}
}

@article{engle,
  title={Wald, likelihood ratio, and Lagrange multiplier tests in econometrics},
  author={Engle, Robert F},
  journal={Handbook of econometrics},
  volume={2},
  pages={775--826},
  year={1984},
  publisher={Elsevier}
}

@article{trv,
  title={The large-sample distribution of the likelihood ratio for testing composite hypotheses},
  author={Wilks, Samuel S},
  journal={The annals of mathematical statistics},
  volume={9},
  number={1},
  pages={60--62},
  year={1938},
  publisher={JSTOR}
}

@article{wald,
  title={Tests of statistical hypotheses concerning several parameters when the number of observations is large},
  author={Wald, Abraham},
  journal={Transactions of the American Mathematical society},
  volume={54},
  number={3},
  pages={426--482},
  year={1943},
  publisher={JSTOR}
}

@article{score1,
  title={Maximum-likelihood estimation of parameters subject to restraints},
  author={Aitchison, John and Silvey, SD},
  journal={The annals of mathematical Statistics},
  pages={813--828},
  year={1958},
  publisher={JSTOR}
}

@article{score2,
  title={The Lagrangian multiplier test},
  author={Silvey, Samuel D},
  journal={The Annals of Mathematical Statistics},
  volume={30},
  number={2},
  pages={389--407},
  year={1959},
  publisher={JSTOR}
}

@inproceedings{score3,
  title={Large sample tests of statistical hypotheses concerning several parameters with applications to problems of estimation},
  author={Rao, C Radhakrishna},
  booktitle={Mathematical Proceedings of the Cambridge Philosophical Society},
  volume={44},
  number={1},
  pages={50--57},
  year={1948},
  organization={Cambridge University Press}
}

@article{conflict,
  title={Conflict among the criteria revisited; the W, LR and LM tests},
  author={Evans, GBA and Savin, N Eugene},
  journal={Econometrica: Journal of the Econometric Society},
  pages={737--748},
  year={1982},
  publisher={JSTOR}
}

@article{berndt1977conflict,
  title={Conflict among criteria for testing hypotheses in the multivariate linear regression model},
  author={Berndt, Ernst R and Savin, N Eugene},
  journal={Econometrica: Journal of the Econometric Society},
  pages={1263--1277},
  year={1977},
  publisher={JSTOR}
}

@article{anova1,
  title={Analysis of variance (ANOVA)},
  author={St, Lars and Wold, Svante and others},
  journal={Chemometrics and intelligent laboratory systems},
  volume={6},
  number={4},
  pages={259--272},
  year={1989},
  publisher={Elsevier}
}

@article{anova_fisher, 
   title={Studies in crop variation. II. The manurial response of different potato varieties}, 
volume={13}, 
DOI={10.1017/S0021859600003592}, 
number={3}, 
journal={The Journal of Agricultural Science}, 
publisher={Cambridge University Press}, 
author={Fisher, R. A. and Mackenzie, W. A.}, 
year={1923}, 
pages={311–320}}

@book{barndorff2017,
  title={Inference and asymptotics},
  author={Barndorff-Nielsen, Ole E and Cox, David Roxbee},
  year={2017},
  publisher={Routledge}
}

@book{silvey2017,
  title={Statistical inference},
  author={Silvey, Samuel David},
  year={2017},
  publisher={Routledge}
}

@book{azzalini2017,
  title={Statistical inference: Based on the likelihood},
  author={Azzalini, Adelchi},
  year={2017},
  publisher={Routledge}
}

@book{wasserman2013all,
  title={All of statistics: a concise course in statistical inference},
  author={Wasserman, Larry},
  year={2013},
  publisher={Springer Science \& Business Media}
}

@incollection{fisherarrangement,
  title={The arrangement of field experiments},
  author={Fisher, Ronald A},
  booktitle={Breakthroughs in statistics},
  pages={82--91},
  year={1992},
  publisher={Springer}
}

@inproceedings{fisher1929,
  title={The statistical method in psychical research},
  author={Fisher, Ronald Aylmer},
  booktitle={Proceedings of the Society for Psychical Research},
  volume={39},
  pages={189--192},
  year={1929}
}

@book{neyman2020use1,
  title={On the use and interpretation of certain test criteria for purposes of statistical inference. Part I.},
  author={Neyman, Jerzy and Pearson, Egon S},
  year={2020},
  publisher={University of California Press}
}

@book{neyman2020use2,
  title={On the use and interpretation of certain test criteria for purposes of statistical inference. Part II.},
  author={Neyman, Jerzy and Pearson, Egon S},
  year={2020},
  publisher={University of California Press}
}

@article{neyman1933ix,
  title={IX. On the problem of the most efficient tests of statistical hypotheses},
  author={Neyman, Jerzy and Pearson, Egon Sharpe},
  journal={Philosophical Transactions of the Royal Society of London. Series A, Containing Papers of a Mathematical or Physical Character},
  volume={231},
  number={694-706},
  pages={289--337},
  year={1933},
  publisher={The Royal Society London}
}

@article{plastica,
  title={Modelling multiple outcomes in repeated measures studies: Comparing aesthetic eyelid surgery techniques},
  author={Bonat, Wagner H and Petterle, Ricardo R and Balbinot, Priscilla and Mansur, Alexandre and Graf, Ruth},
  journal={Statistical Modelling},
  pages={1471082X20943312},
  year={2020},
  publisher={SAGE Publications Sage India: New Delhi, India}
}

@incollection{bretz2008multiple,
  title={Multiple comparison procedures in linear models},
  author={Bretz, Frank and Hothorn, Torsten and Westfall, Peter},
  booktitle={COMPSTAT 2008},
  pages={423--431},
  year={2008},
  publisher={Springer}
}

@book{hsu1996multiple,
  title={Multiple comparisons: theory and methods},
  author={Hsu, Jason},
  year={1996},
  publisher={CRC Press}
}

@article{graybill1957idempotent,
  title={Idempotent matrices and quadratic forms in the general linear hypothesis},
  author={Graybill, Franklin A and Marsaglia, George},
  journal={The Annals of Mathematical Statistics},
  volume={28},
  number={3},
  pages={678--686},
  year={1957},
  publisher={JSTOR}
}

@article{luther1965decomposition,
  title={Decomposition of symmetric matrices and distributions of quadratic forms},
  author={Luther, Norman Y},
  journal={The Annals of Mathematical Statistics},
  pages={683--690},
  year={1965},
  publisher={JSTOR}
}

@article{baldessari1967distribution,
  title={The distribution of a quadratic form of normal random variables},
  author={Baldessari, Bruno},
  journal={The Annals of Mathematical Statistics},
  volume={38},
  number={6},
  pages={1700--1704},
  year={1967},
  publisher={JSTOR}
}

@article{laird1982random,
  title={Random-effects models for longitudinal data},
  author={Laird, Nan M and Ware, James H},
  journal={Biometrics},
  pages={963--974},
  year={1982},
  publisher={JSTOR}
}

@book{jiang2007linear,
  title={Linear and generalized linear mixed models and their applications},
  author={Jiang, Jiming and Nguyen, Thuan},
  volume={1},
  year={2007},
  publisher={Springer}
}

@book{stroup2012generalized,
  title={Generalized linear mixed models: modern concepts, methods and applications},
  author={Stroup, Walter W},
  year={2012},
  publisher={CRC press}
}

@article{lee1996hierarchical,
  title={Hierarchical generalized linear models},
  author={Lee, Youngjo and Nelder, John A},
  journal={Journal of the Royal Statistical Society: Series B (Methodological)},
  volume={58},
  number={4},
  pages={619--656},
  year={1996},
  publisher={Wiley Online Library}
}

@article{stasinopoulos2008generalized,
  title={Generalized additive models for location scale and shape (GAMLSS) in R},
  author={Stasinopoulos, D Mikis and Rigby, Robert A},
  journal={Journal of Statistical Software},
  volume={23},
  pages={1--46},
  year={2008}
}

@book{berridge2019multivariate,
  title={Multivariate generalized linear mixed models using R},
  author={Berridge, Damon Mark and Crouchley, Robert},
  year={2019},
  publisher={CRC Press}
}

@article{islam2017estimation,
  title={Estimation and hypothesis testing in multivariate linear regression models under non normality},
  author={Islam, M Qamarul},
  journal={Communications in Statistics-Theory and Methods},
  volume={46},
  number={17},
  pages={8521--8543},
  year={2017},
  publisher={Taylor \& Francis}
}

@book{fahrmeir1994multivariate,
  title={Multivariate statistical modelling based on generalized linear models},
  author={Fahrmeir, Ludwig and Tutz, Gerhard and Hennevogl, Wolfgang and Salem, Eliane},
  volume={425},
  year={1994},
  publisher={Springer}
}

@incollection{oja2010multivariate,
  title={Multivariate linear regression},
  author={Oja, Hannu},
  booktitle={Multivariate Nonparametric Methods with R},
  pages={183--200},
  year={2010},
  publisher={Springer}
}

@article{garson2015glm,
  title={GLM multivariate, MANOVA \& canonical correlation},
  author={Garson, G David},
  journal={Asheboro, NC: Statistical Associates Publishers},
  year={2015}
}

@book{kim2006univariate,
  title={Univariate and multivariate general linear models: theory and applications with SAS},
  author={Kim, Kevin and Timm, Neil},
  year={2006},
  publisher={CRC Press}
}

@article{tuerlinckx2006statistical,
  title={Statistical inference in generalized linear mixed models: A review},
  author={Tuerlinckx, Francis and Rijmen, Frank and Verbeke, Geert and De Boeck, Paul},
  journal={British Journal of Mathematical and Statistical Psychology},
  volume={59},
  number={2},
  pages={225--255},
  year={2006},
  publisher={Wiley Online Library}
}

@article{zhang2017regression,
  title={Regression models for multivariate count data},
  author={Zhang, Yiwen and Zhou, Hua and Zhou, Jin and Sun, Wei},
  journal={Journal of Computational and Graphical Statistics},
  volume={26},
  number={1},
  pages={1--13},
  year={2017},
  publisher={Taylor \& Francis}
}


@article{mardalena2020parameter,
  title={Parameter estimation and hypothesis testing of multivariate Poisson inverse Gaussian regression},
  author={Mardalena, Selvi and Purhadi, Purhadi and Purnomo, Jerry Dwi Trijoyo and Prastyo, Dedy Dwi},
  journal={Symmetry},
  volume={12},
  number={10},
  pages={1738},
  year={2020},
  publisher={Multidisciplinary Digital Publishing Institute}
}

@article{sari2021estimation,
  title={Estimation and Hypothesis Testing for the Parameters of Multivariate Zero Inflated Generalized Poisson Regression Model},
  author={Sari, Dewi Novita and Purhadi, Purhadi and Rahayu, Santi Puteri and Irhamah, Irhamah},
  journal={Symmetry},
  volume={13},
  number={10},
  pages={1876},
  year={2021},
  publisher={Multidisciplinary Digital Publishing Institute}
}

@inproceedings{berliana2019multivariate,
  title={Multivariate generalized Poisson regression model with exposure and correlation as a function of covariates: Parameter estimation and hypothesis testing},
  author={Berliana, Sarni Maniar and Purhadi and Sutikno and Rahayu, Santi Puteri},
  booktitle={AIP Conference Proceedings},
  volume={2192},
  number={1},
  pages={090001},
  year={2019},
  organization={AIP Publishing LLC}
}

@article{rahayu2020multivariate,
  title={Multivariate Gamma Regression: Parameter Estimation, Hypothesis Testing, and Its Application},
  author={Rahayu, Anita and Prastyo, Dedy Dwi and others},
  journal={Symmetry},
  volume={12},
  number={5},
  pages={813},
  year={2020},
  publisher={Multidisciplinary Digital Publishing Institute}
}

@article{rao1948tests,
  title={Tests of significance in multivariate analysis},
  author={Rao, C Radhakrishna},
  journal={Biometrika},
  volume={35},
  number={1/2},
  pages={58--79},
  year={1948},
  publisher={JSTOR}
}

@article{smaga2017bootstrap,
  title={Bootstrap methods for multivariate hypothesis testing},
  author={Smaga, {\L}ukasz},
  journal={Communications in Statistics-Simulation and Computation},
  volume={46},
  number={10},
  pages={7654--7667},
  year={2017},
  publisher={Taylor \& Francis}
}

@article{olson1976choosing,
  title={On choosing a test statistic in multivariate analysis of variance.},
  author={Olson, Chester L},
  journal={Psychological bulletin},
  volume={83},
  number={4},
  pages={579},
  year={1976},
  publisher={American Psychological Association}
}

@book{hand1987multivariate,
  title={Multivariate analysis of variance and repeated measures: a practical approach for behavioural scientists},
  author={Hand, David J and Taylor, Colin C},
  volume={5},
  year={1987},
  publisher={CRC press}
}

@article{adeleke2014comparison,
  title={A comparison of some test statistics for multivariate analysis of variance model with non-normal responses},
  author={Adeleke, Babatunde Lateef and Yahaya, WB and Usman, Abubakar},
  year={2014},
  publisher={Journal of Natural Sciences Research}
}

@article{mechanick2020clinical,
  title={Clinical practice guidelines for the perioperative nutrition, metabolic, and nonsurgical support of patients undergoing bariatric procedures--2019 update: cosponsored by American Association of Clinical Endocrinologists/American College of Endocrinology, The Obesity Society, American Society for Metabolic \& Bariatric Surgery, Obesity Medicine Association, and American Society of Anesthesiologists},
  author={Mechanick, Jeffrey I and Apovian, Caroline and Brethauer, Stacy and Garvey, W Timothy and Joffe, Aaron M and Kim, Julie and Kushner, Robert F and Lindquist, Richard and Pessah-Pollack, Rachel and Seger, Jennifer and others},
  journal={Surgery for Obesity and Related Diseases},
  volume={16},
  number={2},
  pages={175--247},
  year={2020},
  publisher={Elsevier}
}

@misc{treasure2020eating,
  title={Eating disorders. The lancet},
  author={Treasure, J and Duarte, TA and Schmidt, U},
  year={2020},
  publisher={Lancet Publishing Group}
}

@article{sarmiento2020diagnostic,
  title={Diagnostic and Statistical Manual of Mental Disorders: DSM-5},
  author={Sarmiento, Catalina and Lau, Chloe},
  journal={The Wiley Encyclopedia of Personality and Individual Differences: Personality Processes and Individual Differences},
  pages={125--129},
  year={2020},
  publisher={Wiley Online Library}
}

@article{wilfley2016characteristics,
  title={Characteristics of binge eating disorder in relation to diagnostic criteria.},
  author={Wilfley, Denise E and Citrome, Leslie and Herman, Barry K},
  journal={Neuropsychiatric disease and treatment},
  year={2016},
  publisher={Dove Medical Press Ltd.}
}

@article{avena2012further,
  title={Further developments in the neurobiology of food and addiction: update on the state of the science},
  author={Avena, Nicole M and Gold, Jessica A and Kroll, Cindy and Gold, Mark S},
  journal={Nutrition},
  volume={28},
  number={4},
  pages={341--343},
  year={2012},
  publisher={Elsevier}
}

@article{najem2020prevalence,
  title={Prevalence of food addiction and association with stress, sleep quality and chronotype: A cross-sectional survey among university students},
  author={Najem, Joelle and Saber, Maroun and Aoun, Carla and El Osta, Nada and Papazian, Tatiana and Khabbaz, Lydia Rabbaa},
  journal={Clinical nutrition},
  volume={39},
  number={2},
  pages={533--539},
  year={2020},
  publisher={Elsevier}
}

@article{dinan2013psychobiotics,
  title={Psychobiotics: a novel class of psychotropic},
  author={Dinan, Timothy G and Stanton, Catherine and Cryan, John F},
  journal={Biological psychiatry},
  volume={74},
  number={10},
  pages={720--726},
  year={2013},
  publisher={Elsevier}
}

@article{mason2017feeding,
  title={Feeding systems and the gut microbiome: gut-brain interactions with relevance to psychiatric conditions},
  author={Mason, Brittany L},
  journal={Psychosomatics},
  volume={58},
  number={6},
  pages={574--580},
  year={2017},
  publisher={Elsevier}
}

@article{misra2019psychobiotics,
  title={Psychobiotics: A new approach for treating mental illness?},
  author={Misra, Snigdha and Mohanty, Debapriya},
  journal={Critical reviews in food science and nutrition},
  volume={59},
  number={8},
  pages={1230--1236},
  year={2019},
  publisher={Taylor \& Francis}
}

@inproceedings{spitzer1980diagnostic,
  title={Diagnostic and statistical manual of mental disorders},
  author={Spitzer, Robert L and Md, Kurt Kroenke and Williams, Janet BW},
  booktitle={American psychiatric association},
  year={1980},
  organization={Citeseer}
}

@article{gormally1982assessment,
  title={The assessment of binge eating severity among obese persons},
  author={Gormally, JIM and Black, Sionag and Daston, Sandy and Rardin, David},
  journal={Addictive behaviors},
  volume={7},
  number={1},
  pages={47--55},
  year={1982},
  publisher={Elsevier}
}

@article{segal2010diagnostic,
  title={Diagnostic and statistical manual of mental disorders (DSM-IV-TR)},
  author={Segal, Daniel L},
  journal={The Corsini Encyclopedia of Psychology},
  pages={1--3},
  year={2010},
  publisher={Wiley Online Library}
}

@article{gearhardt2009preliminary,
  title={Preliminary validation of the Yale food addiction scale},
  author={Gearhardt, Ashley N and Corbin, William R and Brownell, Kelly D},
  journal={Appetite},
  volume={52},
  number={2},
  pages={430--436},
  year={2009},
  publisher={Elsevier}
}